@inproceedings{shneiderman_eyes_1996,
	title = {The eyes have it: a task by data type taxonomy for information visualizations},
	shorttitle = {The eyes have it},
	doi = {10.1109/VL.1996.545307},
	booktitle = {{IEEE} {Symposium} on {Visual} {Languages}, 1996. {Proceedings}},
	author = {Shneiderman, B.},
	month = sep,
	year = {1996},
	pages = {336--343}
}


@inproceedings{goebel_why_2016,
	title = {Why {Visualization} is an {AI}-complete {Problem} (and {Why} {That} {Matters})},
	doi = {10.1109/IV.2016.53},
	booktitle = {2016 20th {International} {Conference} {Information} {Visualisation} ({IV})},
	author = {Goebel, R.},
	month = jul,
	year = {2016},
	keywords = {AI-complete visualization incomplete knowledge},
	pages = {27--32},
	file = {IEEE Xplore Abstract Record:/Users/kblumenstein/Library/Application Support/Zotero/Profiles/i6wamwl5.default/zotero/storage/PN83UWIW/7557899.html:text/html;IEEE Xplore Full Text PDF:/Users/kblumenstein/Library/Application Support/Zotero/Profiles/i6wamwl5.default/zotero/storage/MT6MMMSQ/Goebel - 2016 - Why Visualization is an AI-complete Problem (and W.pdf:application/pdf}
}

@book{kahneman_thinking_2012,
	address = {London},
	title = {Thinking, fast and slow},
	isbn = {978-0-14-103357-0},
	language = {eng},
	publisher = {Penguin Books},
	author = {Kahneman, Daniel},
	year = {2012},
	note = {OCLC: 798805166},
	keywords = {Cognition, Decision making, Denken, Entscheidung, Entscheidungsfindung, Intuition, Judgment, Kognition, Schlussfolgern},
	annote = {Literaturangaben},
	annote = {Literaturangaben},
	annote = {Literaturangaben}
}